<?xml version="1.0" encoding="UTF-8"?><collection xmlns="http://www.loc.gov/MARC21/slim"><record><leader>00328nam--2200109-i-4500</leader><controlfield tag="001">000002646</controlfield><controlfield tag="002">20161230</controlfield><controlfield tag="005">20161230201025</controlfield><controlfield tag="008">060222s1000------------r-----000-0-eng-d</controlfield><datafield ind1=" " ind2=" " tag="100"><subfield code="a">Bohr, Aage</subfield></datafield><datafield ind1=" " ind2=" " tag="245"><subfield code="a">The coupling of nuuclear surface oscilations t o the motion individual nucleons</subfield></datafield><datafield ind1=" " ind2=" " tag="260"><subfield code="a">Kobenhavn, Ejnar Munksgaard, 1952. 40 P</subfield></datafield></record></collection>